@String(PAMI = {IEEE Trans. Pattern Anal. Mach. Intell.})
@String(IJCV = {Int. J. Comput. Vis.})
@String(CVPR= {IEEE Conf. Comput. Vis. Pattern Recog.})
@String(ICCV= {Int. Conf. Comput. Vis.})
@String(ECCV= {Eur. Conf. Comput. Vis.})
@String(NIPS= {Adv. Neural Inform. Process. Syst.})
@String(ICPR = {Int. Conf. Pattern Recog.})
@String(BMVC= {Brit. Mach. Vis. Conf.})
@String(TOG= {ACM Trans. Graph.})
@String(TIP  = {IEEE Trans. Image Process.})
@String(TVCG  = {IEEE Trans. Vis. Comput. Graph.})
@String(TMM  = {IEEE Trans. Multimedia})
@String(ACMMM= {ACM Int. Conf. Multimedia})
@String(ICME = {Int. Conf. Multimedia and Expo})
@String(ICASSP=	{ICASSP})
@String(ICIP = {IEEE Int. Conf. Image Process.})
@String(ACCV  = {ACCV})
@String(ICLR = {Int. Conf. Learn. Represent.})
@String(IJCAI = {IJCAI})
@String(PR   = {Pattern Recognition})
@String(AAAI = {AAAI})
@String(CVPRW= {IEEE Conf. Comput. Vis. Pattern Recog. Worksh.})
@String(CSVT = {IEEE Trans. Circuit Syst. Video Technol.})

@String(SPL	= {IEEE Sign. Process. Letters})
@String(VR   = {Vis. Res.})
@String(JOV	 = {J. Vis.})
@String(TVC  = {The Vis. Comput.})
@String(JCST  = {J. Comput. Sci. Tech.})
@String(CGF  = {Comput. Graph. Forum})
@String(CVM = {Computational Visual Media})


@String(PAMI  = {IEEE TPAMI})
@String(IJCV  = {IJCV})
@String(CVPR  = {CVPR})
@String(ICCV  = {ICCV})
@String(ECCV  = {ECCV})
@String(NIPS  = {NeurIPS})
@String(ICPR  = {ICPR})
@String(BMVC  =	{BMVC})
@String(TOG   = {ACM TOG})
@String(TIP   = {IEEE TIP})
@String(TVCG  = {IEEE TVCG})
@String(TCSVT = {IEEE TCSVT})
@String(TMM   =	{IEEE TMM})
@String(ACMMM = {ACM MM})
@String(ICME  =	{ICME})
@String(ICASSP=	{ICASSP})
@String(ICIP  = {ICIP})
@String(ACCV  = {ACCV})
@String(ICLR  = {ICLR})
@String(IJCAI = {IJCAI})
@String(PR = {PR})
@String(AAAI = {AAAI})
@String(CVPRW= {CVPRW})
@String(CSVT = {IEEE TCSVT})


@inproceedings{bug-dataset,
    title = "Collecting a Large-Scale Gender Bias Dataset for Coreference Resolution and Machine Translation",
    author = "Levy, Shahar and Lazar, Koren and Stanovsky, Gabriel",
    editor = "Moens, Marie-Francine and Huang, Xuanjing and Specia, Lucia and Yih, Scott Wen-tau",
    booktitle = "Findings of the Association for Computational Linguistics: EMNLP 2021",
    month = nov,
    year = "2021",
    address = "Punta Cana, Dominican Republic",
    publisher = "Association for Computational Linguistics",
    url = "https://aclanthology.org/2021.findings-emnlp.211",
    doi = "10.18653/v1/2021.findings-emnlp.211",
    pages = "2470--2480"
}

@inproceedings{bias-measure,
    title={Gender Bias in BERT - Measuring and Analysing Biases through Sentiment Rating in a Realistic Downstream Classification Task},
    url={http://dx.doi.org/10.18653/v1/2022.gebnlp-1.20},
    DOI={10.18653/v1/2022.gebnlp-1.20},
    booktitle={Proceedings of the 4th Workshop on Gender Bias in Natural Language Processing (GeBNLP)},
    publisher={Association for Computational Linguistics},
    author={Jentzsch, Sophie and Turan, Cigdem},
    year={2022}
}

@misc{biased-bert-embeddings,
    title={Man is to Computer Programmer as Woman is to Homemaker? Debiasing Word Embeddings},
    author={Tolga Bolukbasi and Kai-Wei Chang and James Zou and Venkatesh Saligrama and Adam Kalai},
    year={2016},
    eprint={1607.06520},
    archivePrefix={arXiv},
    primaryClass={cs.CL}
}

@misc{bert-bias-investiagion,
    title={Investigating Gender Bias in BERT},
    author={Rishabh Bhardwaj and Navonil Majumder and Soujanya Poria},
    year={2020},
    eprint={2009.05021},
    archivePrefix={arXiv},
    primaryClass={cs.CL}
}

@InProceedings{bert-bias-structure,
    author="Leteno, Thibaud
    and Gourru, Antoine
    and Laclau, Charlotte
    and Gravier, Christophe",
    editor="Cr{\'e}milleux, Bruno
    and Hess, Sibylle
    and Nijssen, Siegfried",
    title="An Investigation of Structures Responsible for Gender Bias in BERT and DistilBERT",
    booktitle="Advances in Intelligent Data Analysis XXI",
    year="2023",
    publisher="Springer Nature Switzerland",
    address="Cham",
    pages="249--261",
    isbn="978-3-031-30047-9"
}

@misc{bert,
    title={BERT: Pre-training of Deep Bidirectional Transformers for Language Understanding},
    author={Jacob Devlin and Ming-Wei Chang and Kenton Lee and Kristina Toutanova},
    year={2019},
    eprint={1810.04805},
    archivePrefix={arXiv},
    primaryClass={cs.CL}
}

@article{seahorse,
    author = {Stölting, Kai and Wilson, Anthony},
    year = {2007},
    month = {09},
    pages = {884-96},
    title = {Male pregnancy in seahorses and pipefish: Beyond the mammalian model},
    volume = {29},
    journal = {BioEssays : news and reviews in molecular, cellular and developmental biology},
    doi = {10.1002/bies.20626}
}

@misc{test,
    title={CrowS-Pairs: A Challenge Dataset for Measuring Social Biases in Masked Language Models},
    author={Nikita Nangia and Clara Vania and Rasika Bhalerao and Samuel R. Bowman},
    year={2020},
    eprint={2010.00133},
    archivePrefix={arXiv},
    primaryClass={cs.CL}
}

@misc{bias,
    title={Large Datasets, Bias and Model Oriented Optimal Design of Experiments},
    author={Elena Pesce and Eva Riccomagno},
    year={2018},
    eprint={1811.12682},
    archivePrefix={arXiv},
    primaryClass={stat.ME}
}